% This file was created with JabRef 2.3.1.
% Encoding: Cp1252


@STRING{bmvc = {British Machine Vision Conference}}

@STRING{cga = {IEEE Computer Graphics and Applications}}

@STRING{cgi = {Computer Graphics International}}

@STRING{cipa = {International Committee for Documentation of Cultural Heritage}}

@STRING{cvpr = {IEEE Conference on Computer Vision and Pattern Recognition}}

@STRING{cviu= {Computer Vision and Image Understanding}}

@STRING{dim = {3-D Digital Imaging and Modeling}}

@STRING{dpvt = {3D Data Processing, Visualization and Transmission}}

@STRING{eccv = {European Conference on Computer Vision}}

@STRING{iccv = {International Conference on Computer Vision}}

@STRING{icpr = {International Conference on Pattern Recognition}}

@STRING{icra = {International Conference on Robotics and Automation}}

@STRING{ijcv = {International Journal of Computer Vision}}

@STRING{iros = {International Conference on Intelligent Robots and Systems}}

@STRING{ismar = {International Symposium on Mixed and Augmented Reality}}

@STRING{isvc = {International Symposium on Advances in Visual Computing}}

@STRING{jrtip = {Journal of Real-Time Image Processing}}

@STRING{pami = {Pattern Analysis and Machine Intelligence}}

@STRING{rss = {Robotics: Science and Systems}}

@STRING{visapp = {International Conference on Computer Vision Theory and Applications}}


@STRING{_bmvc = {BMVC}}

@STRING{_cga = {CGA}}

@STRING{_cgi = {CGI}}

@STRING{_cipa = {CIPA}}

@STRING{_cviu= {CVIU}}

@STRING{_cvpr = {CVPR}}

@STRING{_dim = {3DIM}}

@STRING{_dpvt = {3DPVT}}

@STRING{_eccv = {ECCV}}

@STRING{_iccv = {ICCV}}

@STRING{_icpr = {ICPR}}

@STRING{_icra = {ICRA}}

@STRING{_ijcv = {IJCV}}

@STRING{_iros = {IROS}}

@STRING{_ismar = {ISMAR}}

@STRING{_isvc = {ISVC}}

@STRING{_jrtip = {JRTIP}}

@STRING{_pami = {PAMI}}

@STRING{_rss = {RSS}}

@STRING{_visapp = {VISAPP}}

@inproceedings{morgand2016empirical,
  title={An Empirical Model for Specularity Prediction with Application to Dynamic Retexturing},
  author={Morgand, Alexandre and Tamaazousti, Mohamed and Bartoli, Adrien},
  booktitle={International Symposium of Mixed and Augmented Reality},
  series={ISMAR},
  year={2016}
}

@inproceedings{healey1988local,
  title={Local shape from specularity},
  author={Healey, Gleen and Binford, Thomas O},
  journal={Computer Vision, Graphics, and Image Processing},
  series={CVGIP},
  volume={42},
  number={1},
  pages={62--86},
  year={1988}
}

@inproceedings{morgand2017multipleview,
  title={A Multiple-View Geometric Model of Specularities on Non-Planar Shapes with Application to Dynamic Retexturing},
  author={Morgand, Alexandre and Tamaazousti, Mohamed and Bartoli, Adrien},
  booktitle={International Symposium of Mixed and Augmented Reality},
  series={ISMAR},
  year={2017}
}

@inproceedings{morgand2017multiple,
  title={A Multiple-View Geometric Model of Specularities on Non-Planar Shapes with Application to Dynamic Retexturing},
  author={Morgand, Alexandre and Tamaazousti, Mohamed and Bartoli, Adrien},
  booktitle={Transactions on Visualization and Computer Graphics},
  series={TVCG},
  year={2017}
}
@phdthesis{cross2000surface,
  title={Surface reconstruction from image sequences},
  author={Cross, Geoffrey Mark},
  year={2000},
  school={University of Oxford}
}

@inproceedings{engel2014lsd,
  title={LSD-SLAM: Large-scale direct monocular SLAM},
  author={Engel, Jakob and Sch{\"o}ps, Thomas and Cremers, Daniel},
  booktitle={European Conference on Computer Vision},
  series={ECCV},
  year={2014}
}

@inproceedings{chican2014constrained,
  title={Constrained PatchMatch for Image Completion},
  author={Chican, Guillaume and Tamaazousti, Mohamed},
  booktitle={International Symposium on Visual Computing},
  series={ISVC},
  year={2014}
 
@article{bousefsaf2018image,
  title={Image completion using multispectral imaging},
  author={Bousefsaf, Fr{\'e}d{\'e}ric and Tamaazousti, Mohamed and Said, Souheil Hadj and Michel, R{\'e}mi},
  journal={Image Processing},
  year={2018}
}

@article{hartley1997triangulation,
  title={Triangulation},
  author={Hartley, Richard I and Sturm, Peter},
  journal={Computer vision and image understanding},
  volume={68},
  number={2},
  pages={146--157},
  year={1997}
}

@incollection{lavest1998we,
  title={Do we really need an accurate calibration pattern to achieve a reliable camera calibration?},
  author={Lavest, Jean-Marc and Viala, Marc and Dhome, Michel},
  booktitle=eccv,
  pages={158--174},
  year={1998},
  publisher={Springer}
}

@inproceedings{said2017image,
  title={Image-Based Models for Specularity Propagation in Diminished Reality},
  author={Said, Souheil Hadj and Tamaazousti, Mohamed and Bartoli, Adrien},
  booktitle={Transactions on Visualization and Computer Graphics},
  series={TVCG},
  year={2017}
}

@inproceedings{morgand2016geometric,
  title={A Geometric Model for Specularity Prediction on Planar Surfaces with Multiple Light Sources},
  author={Morgand, Alexandre and Tamaazousti, Mohamed and Bartoli, Adrien},
  booktitle={Transactions on Visualization and Computer Graphics},
  series={TVCG},
  year={2017}
}

@article{telea2004image,
  title={An image inpainting technique based on the fast marching method},
  author={Telea, Alexandru},
  journal={Journal of graphics tools},
  volume={9},
  number={1},
  pages={23--34},
  year={2004}
}

@inproceedings{morgand2017amultiple,
  title={A multiple-view geometric model of specularities on non-uniformly curved surfaces.},
  author={Morgand, Alexandre and Tamaazousti, Mohamed and Bartoli, Adrien},
  booktitle={Virtual Reality Software and Technology},
  series={VRST},
  year={2017}
}
@article{saint2011detection,
  author={Saint-Pierre, Charles-Auguste and Boisvert, Jonathan and Grimard, Guy and Cheriet, Farida},
  title={Detection and correction of specular reflections for automatic surgical tool segmentation in thoracoscopic images},
  journal={Machine Vision and Applications},
  volume={22},
  number={1},
  year={2011},
  publisher={Springer},
  pages={171--180},
}
@article{karsch2011rendering,
  author = {Karsch, Kevin and Hedau, Varsha and Forsyth, David and Hoiem, Derek},
  title = {Rendering synthetic objects into legacy photographs},
  journal = {ACM Transactions on Graphics (TOG)},
  volume = {30},
  number = {6},
  year = {2011},
  pages = {157},
}
@inproceedings{sillion1989general,
  title = {A general two-pass method integrating specular and diffuse reflection},
  author = {Sillion, Francois and Puech, Claude},
  booktitle = {Special Interest Group on GRAPHics and Interactive Techniques},
  series = {SIGGRAPH},
  year = {1989},
}

@article{morgand2017geometric,
  title={A Geometric Model for Specularity Prediction on Planar Surfaces with Multiple Light Sources},
  author={Morgand, Alexandre and Tamaazousti, Mohamed and Bartoli, Adrien},
  booktitle={Transactions on Visualization and Computer Graphics},
  series={TVCG},
  pages={1},
  year={2017}
}

@article{morgand2015modele,
  title={Mod{\`e}le empirique pour la pr{\'e}diction de sp{\'e}cularit{\'e}: application au retexturing},
  author={Morgand, Alexandre and Tamaazousti, Mohamed and Bartoli, Adrien},
  booktitle={Reconnaissance  des Formes et  l'Intelligence Artificielle},
  series={RFIA},
  year={2015}
}

@inproceedings{tan2013robust,
  title={Robust monocular SLAM in dynamic environments},
  author={Tan, Wei and Liu, Haomin and Dong, Zilong and Zhang, Guofeng and Bao, Hujun},
  booktitle={International Symposium on Mixed and Augmented Reality},
  series={ISMAR},
  year={2013}
}

@inproceedings{whelan2015elasticfusion,
  title={ElasticFusion: Dense SLAM Without A Pose Graph.},
  author={Whelan, Thomas and Leutenegger, Stefan and Salas-Moreno, Renato F and Glocker, Ben and Davison, Andrew J},
  booktitle={Robotics: science and systems},
  volume={11},
  year={2015}
}

@inproceedings{loesch2015generic,
  title={Generic edgelet-based tracking of 3D objects in real-time},
  author={Loesch, Angelique and Bourgeois, Steve and Gay-Bellile, Vincent and Dhome, Michel},
  booktitle={Intelligent Robots and Systems},
  series={IROS},
  year={2015}
}


@article{engel2016direct,
  title={Direct sparse odometry},
  author={Engel, Jakob and Koltun, Vladlen and Cremers, Daniel},
  journal={arXiv preprint arXiv:1607.02565},
  year={2016}
}

@article{dou2016fusion4d,
  title={Fusion4D: real-time performance capture of challenging scenes},
  author={Dou, Mingsong and Khamis, Sameh and Degtyarev, Yury and Davidson, Philip and Fanello, Sean Ryan and Kowdle, Adarsh and Escolano, Sergio Orts and Rhemann, Christoph and Kim, David and Taylor, Jonathan and others},
  journal={Transactions on Graphics},
  volume={35},
  number={4},
  pages={114},
  year={2016}
}

@inproceedings{Whelan15rss, 
    author    = {T. Whelan and S. Leutenegger and R. F. Salas-Moreno and B. Glocker and A. J. Davison}, 
    title     = {{ElasticFusion}: Dense {SLAM} Without A Pose Graph}, 
    booktitle = {Robotics: Science and Systems}, 
	series    = {RSS},
    year      = {2015}, 
}


@inproceedings{mandl2017learning,
  title={Learning Lightprobes for Mixed Reality Illumination},
  author={Mandl, David and Yi, Kwang Moo and Mohr, Peter and Roth, Peter and Fua, Pascal and Lepetit, Vincent and Schmalstieg, Dieter and Kalkofen, Denis},
  booktitle={International Symposium of Mixed and Augmented Reality},
  series={ISMAR},
  year={2017}
}


@inproceedings{richter2016instant,
  title={Instant Mixed Reality Lighting from Casual Scanning},
  author={Thomas, Richter-Trummer and Denis, Kalkofen and Jinwoo, Park and Dieter, Schmalstieg},
  booktitle={International Symposium of Mixed and Augmented Reality},
  series={ISMAR},
  year={2016}
}

@inproceedings{lien2007approximate,
  title={Approximate convex decomposition of polyhedra},
  author={Lien, Jyh-Ming and Amato, Nancy M},
  booktitle={Solid and Physical Modeling},
  series={SPM},
  year={2007}
}

@article{georgoulis2016delight,
  title={DeLight-Net: Decomposing Reflectance Maps into Specular Materials and Natural Illumination},
  author={Georgoulis, Stamatios and Rematas, Konstantinos and Ritschel, Tobias and Fritz, Mario and Van Gool, Luc and Tuytelaars, Tinne},
  journal={arXiv preprint arXiv:1603.08240},
  year={2016}
}

@inproceedings{bell2015material,
  title={Material recognition in the wild with the materials in context database},
  author={Bell, Sean and Upchurch, Paul and Snavely, Noah and Bala, Kavita},
  booktitle={Computer Vision and Pattern Recognition},
  series={CVPR},
  year={2015}
}

@inproceedings{long2015simplified,
  title={Simplified Mirror-Based Camera Pose Computation via Rotation Averaging},
  author={Long, Gucan and Kneip, Laurent and Li, Xin and Zhang, Xiaohu and Yu, Qifeng},
  booktitle={Computer Vision and Pattern Recognition},
  series={CVPR},
  year={2015}
}

@article{whelan2016elasticfusion,
  title={ElasticFusion: Real-time dense SLAM and light source estimation},
  author={Whelan, Thomas and Salas-Moreno, Renato F and Glocker, Ben and Davison, Andrew J and Leutenegger, Stefan},
  journal={The International Journal of Robotics Research},
  year={2016},
}

@article{tamaazousti2017learning,
  title={Learning More Universal Representations for Transfer-Learning},
  author={Tamaazousti, Youssef and Borgne, Herv{\'e} Le and Hudelot, C{\'e}line and Seddik, Mohamed El Amine and Tamaazousti, Mohamed},
  journal={arXiv preprint arXiv:1712.09708},
  year={2017}
}
@inproceedings{tamaazousti2017mucale,
  title={MuCaLe-Net: Multi Categorical-Level Networks to Generate More Discriminating Features},
  author={Tamaazousti, Youssef and Le Borgne, Herv{\'e} and Hudelot, C{\'e}line},
  booktitle={Proceedings of the IEEE Conference on Computer Vision and Pattern Recognition},
  pages={6711--6720},
  year={2017}
}

@book{kobayashi1963foundations,
  title={Foundations of differential geometry},
  author={Kobayashi, Shoshichi and Nomizu, Katsumi},
  volume={1},
  number={2},
  year={1963},
  publisher={Interscience publishers New York}
}

@book{spivak1970comprehensive,
  title={A comprehensive introduction to differential geometry},
  author={Spivak, Michael D},
  year={1970},
  publisher={Publish or perish}
}

@article{ozgur2017visualizing,
  title={Visualizing In-Organ Tumors in Augmented Monocular Laparoscopy},
  author={Ozg{\"u}r, Erol and Lafont, Alexis and Bartoli, Adrien},
  booktitle={International Symposium of Mixed and Augmented Reality},
  series={ISMAR},
  year={2017}
}

@book{semple1998algebraic,
  title={Algebraic projective geometry},
  author={Semple, John Greenlees and Kneebone, Geoffrey Thomas},
  year={1998},
  publisher={Oxford University Press}
}

@misc{tamaazousti2018method,
  title={Method for processing images having specularities and corresponding computer program product},
  author={Tamaazousti, Mohamed and Morgand, Alexandre and Bartoli, Adrien},
  year={2018},
  month=may # "~17",
  publisher={Google Patents},
  note={US Patent App. 15/574,475}
}

@article{matusik2003data,
	author = {Matusik, Wojciech and Pfister, Hanspeter and Brand, Matt and McMillan, Leonard },
	title = {A Data-Driven Reflectance Model},
	journal = {Transactions on Graphics},
	year = {2003},
	month = {July},
	volume = {22},
	number = {3},
	pages = {759-769}
}

@inproceedings{cao2005camera,
  title={Camera calibration and light source estimation from images with shadows},
  author={Cao, Xiaochun and Shah, Mubarak},
  booktitle={Computer Vision and Pattern Recognition},
  series = {CVPR},
  year={2005},
}

@inproceedings{lombardi2012reflectance,
  title={Reflectance and natural illumination from a single image},
  author={Lombardi, Stephen and Nishino, Ko},
  booktitle={European Conference on Computer Vision},
  series = {ECCV},
  year={2012}
}

@article{kawaidiminished,
  title={Diminished Reality Based on Image Inpainting Considering Background Geometry},
  author={Kawai, Norihiko and Sato, Tomokazu and Yokoya, Naokazu},
  journal={Transactions on Visualization and Computer Graphics},
  year={2015}
}

@article{herling2014high,
  title={High-quality real-time video inpaintingwith PixMix},
  author={Herling, Jan and Broll, Wolfgang},
  journal={Transactions on Visualization and Computer Graphics},
  volume={20},
  number={6},
  pages={866--879},
  year={2014}
}

@article{blake1990does,
  title={Does the brain know the physics of specular reflection?},
  author={Blake, Andrew},
  journal={Nature},
  volume={343},
  number={6254},
  pages={165--168},
  year={1990}
}

@article{reyes2005projective,
  title={The projective reconstruction of points, lines, quadrics, plane conics and degenerate quadrics using uncalibrated cameras},
  author={Reyes, Leo and Bayro-Corrochano, Eduardo},
  journal={Image and Vision Computing},
  volume={23},
  number={8},
  pages={693--706},
  year={2005},
  publisher={Elsevier}
}

@article{haines2002real,
  title={Real-time rendering},
  author={Haines, Eric and Akenine-Moller, Tomas},
  year={2002},
  publisher={AK Peters, Ltd.}
}

@inproceedings{buteau2015poster,
  title={Retrieving Lights Positions Using Plane Segmentation with Diffuse Illumination Reinforced with Specular Component},
  author={Buteau, Paul-Emile and Saito, Hideo},
  booktitle={International Symposium on Mixed and Augmented Reality},
  series = {ISMAR},
  year={2015}
}

@inproceedings{kajiya1986rendering,
  title={The rendering equation},
  author={Kajiya, James T},
  booktitle={Special Interest Group on Computer Graphics and Interactive Techniques}, 
  series = {SIGGRAPH},
  year = {1986},
}

@inproceedings{delpozo2007detecting,
  title={Detecting specular surfaces on natural images},
  author={DelPozo, Andrey and Savarese, Silvio},
  booktitle={Computer Vision and Pattern Recognition},
  series = {CVPR},
  year={2007}
}

@inproceedings{tian2013real,
  title={Real-time Specularity Detection Using Unnormalized Wiener Entropy},
  author={Tian, Qing and Clark, James J},
  booktitle={Computer and Robot Vision},
  series = {CRV},
  year={2013}

@article{shafer1985using,
  title={Using color to separate reflection components},
  author={Shafer, Steven A},
  journal={Color Research \& Application},
  volume={10},
  number={4},
  pages={210--218},
  year={1985}
}


@article{artusi2011survey,
  title={A survey of specularity removal methods},
  author={Artusi, Alessandro and Banterle, Francesco and Chetverikov, Dmitry},
  journal={Computer Graphics Forum},
  volume={30},
  number={8},
 pages={2208--2230},
  year={2011}
}

@article{klinker1990physical,
  title={A physical approach to color image understanding},
  author={Klinker, Gudrun J and Shafer, Steven A and Kanade, Takeo},
  journal={International Journal of Computer Vision},
  volume={4},
  number={1},
  pages={7--38},
  year={1990}
}


@inproceedings{kim2013specular,
  title={Specular Reflection Separation using Dark Channel Prior},
  author={Hyeongwoo Kim, Hailin Jin, Sunil Hadap, Inso Kweon},
  xbooktitle={Computer Vision and Pattern Recognition},
  series = {CVPR},
  year={2013},
}

@article{woodham1980photometric,
  title={Photometric method for determining surface orientation from multiple images},
  author={Woodham, Robert J},
  journal={Optical engineering},
  volume={19},
  number={1},
  year={1980},
  publisher={International Society for Optics and Photonics}
}

@article{levenberg1944method,
  title={A method for the solution of certain problems in least squares},
  author={Levenberg, Kenneth},
  journal={Quarterly of applied mathematics},
  volume={2},
  year={1944},
  pages={164--168},
}


@inproceedings{blake1988geometry,
  author={Blake, Andrew and Brelstaff, Gavin},
  title={Geometry from specularities},
  booktitle={International Conference on Computer Vision},
  series = {ICCV},
  year={1988},
}

@inproceedings{knorr2014real,
  title={Real-time illumination estimation from faces for coherent rendering},
  author={Knorr, Sebastian B and Kurz, Daniel},
  booktitle={International Symposium on Mixed and Augmented Reality},
  series = {ISMAR},
  year={2014},
}

@inproceedings{shroff2011finding,
  author={Shroff, Nitesh and Taguchi, Yuichi and Tuzel, Oncel and Veeraraghavan, Ashok and Ramalingam, Srikumar and Okuda, Haruhisa},
  title={Finding a needle in a specular haystack},
  booktitle={International Conference on Robotics and Automation},
  series = {ICRA},
  year={2011},
}


@inproceedings{chang20093d,
  title={3D pose estimation and segmentation using specular cues},
  author={Chang, Ju Yong and Raskar, Ramesh and Agrawal, Amit},
  booktitle={Computer Vision and Pattern Recognition},
  series = {CVPR},
  year={2009},
}

@inproceedings{jachnik2012realtime,
  title = {Real-time surface light-field capture for augmentation of planar specular}, 
  author = {Jachnik, Jan and Newcombe, Richard A. and Davison, Andrew J.},
  booktitle = {International Symposium on Mixed and Augmented Reality},
  series = {ISMAR},
  year = {2012},
}
@article{lepetit2009epnp,
  title={Epnp: An accurate o (n) solution to the {PnP} problem},
  author={Lepetit, Vincent and Moreno-Noguer, Francesc and Fua, Pascal},
  journal=ijcv,
  volume={81},
  number={2},
  pages={155--166},
  year={2009},
  publisher={Springer}
}

@article{haralick1994review,
  title={Review and analysis of solutions of the three point perspective pose estimation problem},
  author={Haralick, Bert M and Lee, Chung-Nan and Ottenberg, Karsten and N{\"o}lle, Michael},
  journal=ijcv,
  volume={13},
  number={3},
  pages={331--356},
  year={1994},
  publisher={Springer}
}
@article{torr1997development,
  title={The development and comparison of robust methods for estimating the fundamental matrix},
  author={Torr, Philip HS and Murray, David W},
  journal=ijcv,
  volume={24},
  number={3},
  pages={271--300},
  year={1997},
  publisher={Springer}
}
@inproceedings{brelstaff1988detecting,
  title={Detecting specular reflections using Lambertian constraints},
  author={Brelstaff, Gavin and Blake, Andrew},
  booktitle={International Conference on Computer Vision},
  series = {ICCV},
  year={1988},
}

@incollection{ortiz2005new,
  author = {Ortiz, Francisco and Torres, Fernando},
  title = {A new inpainting method for highlights elimination by colour morphology},
  booktitle ={Pattern Recognition and Image Analysis},
  year = {2005},
  pages = {368--376},
}

@article{stehle2006removal,
  author={Stehle, Thomas},
  title={Removal of specular reflections in endoscopic images},
  journal={Acta Polytechnica: Journal of Advanced Engineering},
  volume={46},
  number={4},
  year={2006},
  pages={32--36},
}
@inproceedings{torres2003automatic,
  title = {Automatic detection of specular reflectance in colour images using the MS diagram},
  author = {Torres, Fernando and Angulo, Jes{\'u}s and Ortiz, Francisco},
  booktitle = {Computer Analysis of Images and Patterns},
  series = {CAIP},
  year = {2003},
}

@inproceedings{deng1999color,
  title = {Color image segmentation},
  author = {Deng, Yining and Manjunath, BS and Shin, Hyundoo},
  booktitle = {Computer Vision and Pattern Recognition},
  series = {CVPR},
  year = {1999},
}

@article{arnold2010automatic,
  author = {Arnold, Mirko and Ghosh, Anarta and Ameling, Stefan and Lacey, Gerard},
  title = {Automatic segmentation and inpainting of specular highlights for endoscopic imaging},
  journal = {Journal on Image and Video Processing},
  volume = {2010},
  year = {2010},
  pages = {9},
}

@inproceedings{lee2010removal,
  title = {Removal of specular reflections in tooth color image by perceptron neural nets},
  author = {Lee, Seong-Taek and Yoon, Tae-Ho and Kim, Kyeong-Seop and Kim, Kee-Deog and Park, Wonse},
  booktitle = {International Conference on Signal Processing Systems},
  series = {ICSPS},
  year = {2010},
}

@article{saint2011detection,
  author={Saint-Pierre, Charles-Auguste and Boisvert, Jonathan and Grimard, Guy and Cheriet, Farida},
  title={Detection and correction of specular reflections for automatic surgical tool segmentation in thoracoscopic images},
  journal={Machine Vision and Applications},
  volume={22},
  number={1},
  year={2011},
  publisher={Springer},
  pages={171--180},
}

@article{oh2007informative,
  author = {Oh, JungHwan and Hwang, Sae and Lee, JeongKyu and Tavanapong, Wallapak and Wong, Johnny and de Groen, Piet C},
  title = {Informative frame classification for endoscopy video},
  journal = {Medical Image Analysis},
  volume = {11},
  number = {2},
  year = {2007},
  pages = {110--127},
}

@inproceedings{kanbara2004real,
  title = {Real-time Estimation of Light Source Environment for Photorealistic Augmented Reality.},
  author = {Kanbara, Masayuki and Yokoya, Naokazu},
  booktitle = {International Conference on Pattern Recognition},
  series = {ICPR},
  year = {2004}
}


@inproceedings{lagger20083d,
  title={3d pose refinement from reflections},
  author={Lagger, Pascal and Salzmann, Mathieu and Lepetit, Vincent and Fua, Pascal},
  booktitle={Computer Vision and Pattern Recognition},
  series = {CVPR},
  year={2008},
}
@inproceedings{lagger2006using,
  author = {Pascal Lagger and Pascal Fua},
  title = {Using Specularities to Recover Multiple Light Sources in the Presence of Texture},
  booktitle = {International Conference on Pattern Recognition},
  series = {ICPR},
  year = {2006},
}
@article{tan2004separating,
  author = {Tan, Robby T and Nishino, Ko and Ikeuchi, Katsushi},
  title = {Separating reflection components based on chromaticity and noise analysis},
  journal={Pattern Analysis and Machine Intelligence},
  volume={26},
  number={10},
  year={2004},
  pages={1373--1379},
}

@book{lambert1760photometria,
  title={Photometria sive de mensura et gradibus luminis, colorum et umbrae},
  author={Lambert, Johann Heinrich},
  year={1760}
}

@inproceedings{mouragnon2006real,
  title={Real time localization and 3d reconstruction},
  author={Mouragnon, Etienne and Lhuillier, Maxime and Dhome, Michel and Dekeyser, Fabien and Sayd, Patrick},
  booktitle={Computer Vision and Pattern Recognition},
  series = {CVPR},
  year={2006},
}

@inproceedings{meilland2011real,
  title={Real-time dense visual tracking under large lighting variations},
  author={Meilland, Maxime and Comport, A and Rives, Patrick and M{\'e}diterran{\'e}e, INRIA Sophia Antipolis},
  booktitle={British Machine Vision Conference},
  series = {BMVC},
  year={2011}
}

@inproceedings{ngan2004experimental,
  title={Experimental validation of analytical BRDF models},
  author={Ngan, Addy and Durand, Fr{\'e}do and Matusik, Wojciech},
  booktitle={Special Interest Group on Computer Graphics and Interactive Techniques}, 
  series = {SIGGRAPH},
  year={2004}
}

@inproceedings{blinn1977models,
  title={Models of light reflection for computer synthesized pictures},
  author={Blinn, James F},
  booktitle={Special Interest Group on Computer Graphics and Interactive Techniques}, 
  series = {SIGGRAPH},
  year={1977},
}
@inproceedings{morgand2014generic,
  title={Generic and Real-time Detection of Specular Reflections in Images},
  author={Morgand, Alexandre and Tamaazousti, Mohamed},
  booktitle={8th International Joint Conference on Computer Vision, Imaging and Computer Graphics Theory and Applications},
  series = {VISAPP},
  year={2014},
}
@inproceedings{tardif2008monocular,
  title={Monocular visual odometry in urban environments using an omnidirectional camera},
  author={Tardif, J-P and Pavlidis, Yanis and Daniilidis, Kostas},
  booktitle={International Conference on
Intelligent Robots and Systems},
  series = {IROS},
  year={2008}
}

@article{heitz2016real,
  title={Real-time polygonal-light shading with linearly transformed cosines},
  author={Heitz, Eric and Dupuy, Jonathan and Hill, Stephen and Neubelt, David},
  journal={Transactions on Graphics},
  volume={35},
  number={4},
  pages={41},
  year={2016}
}

@inproceedings{morgand2015reconstruction,
  title={Reconstruction d'une source lumineuse mod{\'e}lis{\'e}e par une quadrique {\`a} partir d'images multiples},
  author={Morgand, Alexandre and Tamaazousti, Mohamed},
  booktitle={Journ{\'e}es francophones des jeunes chercheurs en vision par ordinateur},
  series = {ORASIS},
  year={2015} 
}
@inproceedings{morgand2015detection,
  title={D{\'e}tection g{\'e}n{\'e}rique et temps r{\'e}el des sp{\'e}cularités},
  author={Morgand, Alexandre and Tamaazousti, Mohamed},
  booktitle={Journ{\'e}es francophones des jeunes chercheurs en vision par ordinateur},
  series = {ORASIS},
  year={2015}
}
@inproceedings{morgand2017modele,
  title={Mod{\`e}le empirique pour la pr{\'e}diction de sp{\'e}cularit{\'e}: application au retexturing},
  author={Morgand, Alexandre and Tamaazousti, Mohamed},
  booktitle={Journ{\'e}es francophones des jeunes chercheurs en vision par ordinateur},
  series = {ORASIS},
  year={2017}
}

@inproceedings{meilland2011real,
  title={Real-time dense visual tracking under large lighting variations},
  author={Meilland, Maxime and Comport, A and Rives, Patrick and M{\'e}diterran{\'e}e, INRIA Sophia Antipolis},
  booktitle={British Machine Vision Conference, University of Dundee},
  volume={29},
  year={2011}
}

@inproceedings{netz2013recognition,
  title={Recognition Using Specular Highlights},
  booktitle={Computer Vision and Pattern Recognition},
  series = {CVPR},
  author={Netz, Aaron and Osadchy, Margarita},
  year={2013},
}

@article{netz2013recognitionpami,
  title={Recognition Using Specular Highlights},
  author={Netz, Aaron and Osadchy, Margarita},
  journal={Pattern Analysis and Machine Intelligence},
  volume={35},
  number={3},
  pages={639--652},
  year={2013},
}

@article{ortiz2006automatic,
  author = {Ortiz, Francisco and Torres, Fernando},
  title = {Automatic detection and elimination of specular reflectance in color images by means of MS diagram and vector connected filters},
  journal = {Systems, Man, and Cybernetics, Part C: Applications and Reviews},
  volume = {36},
  number = {5},
  year = {2006},
  pages = {681--687},
}

@article{phong1975illumination,
  title={Illumination for computer generated pictures},
  author={Phong, Bui Tuong},
  journal={Communications of the ACM},
  volume={18},
  number={6},
  pages={311--317},
  year={1975},
  publisher={ACM}
}

@inproceedings{tamaazousti2011nonlinear,
  title={Nonlinear refinement of structure from motion reconstruction by taking advantage of a partial knowledge of the environment},
  author={Tamaazousti, Mohamed and Gay-Bellile, Vincent and Naudet Collette, S and Bourgeois, Steve and Dhome, Michel},
  booktitle={Computer Vision and Pattern Recognition},
  series = {CVPR},
  year={2011},
}

@inproceedings{tamaazousti2011real,
  title={Real-time accurate localization in a partially known environment: Application to augmented reality on textureless 3d objects},
  author={Tamaazousti, Mohamed and Gay-Bellile, Vincent and Collette, Sylvie Naudet and Bourgeois, Steve and Dhome, Michel},
  booktitle={ISMAR workshop},
  series = {ISMARW},
  year={2011}
}

@article{tamaazousti2016constrained,
  title={The constrained SLAM framework for non-instrumented augmented reality},
  author={Tamaazousti, Mohamed and Naudet-Collette, Sylvie and Gay-Bellile, Vincent and Bourgeois, Steve and Besbes, Bassem and Dhome, Michel},
  journal={Multimedia Tools and Applications},
  volume={75},
  number={16},
  pages={9511--9547},
  year={2016}
}

@phdthesis{tamaazousti2013ajustement,
  title={L'ajustement de faisceaux contraint comme cadre d'unification des m{\'e}thodes de localisation: application {\`a} la r{\'e}alit{\'e} augment{\'e}e sur des objets 3D},
  author={Tamaazousti, Mohamed},
  year={2013},
  school={Universit{\'e} Blaise Pascal-Clermont-Ferrand II}

}

@inproceedings{gay2012mobile,
  title={A mobile markerless augmented reality system for the automotive field},
  author={Gay-Bellile, G and Bourgeois, Steve and Tamaazousti, Mohamed and Naudet-Collette, S and Knodel, Sebastian},
  booktitle={ISMAR Workshop},
  series = {ISMARW},
  year={2012}
}

@inproceedings{besbes2012interactive,
  title={An interactive augmented reality system: a prototype for industrial maintenance training applications},
  author={Besbes, Bassem and Collette, Sylvie Naudet and Tamaazousti, Mohamed and Bourgeois, Steve and Gay-Bellile, Vincent},
  booktitle={ISMAR},
  series = {ISMAR},
  year={2012}
}

@inproceedings{lin2017color,
  title={Color consistency of specular highlights in consumer cameras},
  author={Lin, John and Tamaazousti, Mohamed and Said, Souheil Hadj and Morgand, Alexandre},
  booktitle={Virtual Reality Software and Technology},
  series={VRST},
  year={2017}
}

@inproceedings{klein2007parallel,
  title={Parallel tracking and mapping for small AR workspaces},
  author={Klein, Georg and Murray, David},
  booktitle={International Symposium on Mixed and Augmented Reality},
  series = {ISMAR},
  year={2007},
}

@inproceedings{forster2014svo,
  title={SVO: Fast semi-direct monocular visual odometry},
  author={Forster, Christian and Pizzoli, Matia and Scaramuzza, Davide},
  booktitle={International Conference on Robotics and Automation},
  series = {ICRA},
  year={2014},
}

@inproceedings{mouragnon2006real,
  title={Real time localization and 3d reconstruction},
  author={Mouragnon, Etienne and Lhuillier, Maxime and Dhome, Michel and Dekeyser, Fabien and Sayd, Patrick},
  booktitle={Computer Vision and Pattern Recognition},
  series = {CVPR},
  year = {2006},
}


@inproceedings{zheng1995shape,
  title={Shape and model from specular motion},
  author={Zheng, Jiang Yu and Fukagawa, Yoshihiro and Abe, Norihiro},
  booktitle={International Conference on Computer Vision},
  series = {ICCV},
  year={1995},
}

@inproceedings{newcombe2011kinectfusion,
  title={KinectFusion: Real-time dense surface mapping and tracking},
  author={Newcombe, Richard A and Davison, Andrew J and Izadi, Shahram and Kohli, Pushmeet and Hilliges, Otmar and Shotton, Jamie and Molyneaux, David and Hodges, Steve and Kim, David and Fitzgibbon, Andrew},
  booktitle={ACM symposium on User interface software and technology, },
  series = {ISMAR},
  year={2011},
}

@inproceedings{boom2013point,
  title={Point Light Source Estimation based on Scenes Recorded by a RGB-D camera},
  author={Boom, Bastiaan J and  Orts-Escolano, Sergio and  Ning, Xin X and McDonagh, Steven and Sandilands, Peter and Fisher, Robert B.},
  booktitle={British Machine Vision Conference},
  series = {BMVC},
  year={2013},
}

@article{suzuki1985topological,
  author = {Suzuki and Satoshi},
  title={Topological structural analysis of digitized binary images by border following},
  journal={Computer Vision, Graphics, and Image Processing},
  volume={30},
  number={1},
  year={1985},
  pages={32--46},
}

@article{marquardt1963algorithm,
  title={An algorithm for least-squares estimation of nonlinear parameters},
  author={Marquardt, Donald W},
  journal={Journal of the Society for Industrial \& Applied Mathematics},
  volume={11},
  number={2},
  pages={431--441},
  year={1963}
}

@inproceedings{kim2013specular,
  title={Specular Reflection Separation using Dark Channel Prior},
  author={Hyeongwoo Kim, Hailin Jin, Sunil Hadap, Inso Kweon},
  booktitle={Computer Vision and Pattern Recognition},
  series = {CVPR},
  year={2013},
}

@article{gardner2003linear,
  title={Linear light source reflectometry},
  author={Gardner, Andrew and Tchou, Chris and Hawkins, Tim and Debevec, Paul},
  journal={ACM Transactions on Graphics (TOG)},
  volume={22},
  number={3},
  year={2003},
  pages={749--758}
}

@inproceedings{nayar1993removal,
  title={Removal of specularities using color and polarization},
  author={Nayar, Shree K and Fang, X-S and Boult, Terrance},
  booktitle={Computer Vision and Pattern Recognition},
  series = {CVPR},
  year={1993},
}

@book{united1977geometrical,
  title={Geometrical considerations and nomenclature for reflectance},
  author={Nicodemus, Fred Edwin},
  volume={160},
  publisher={US Department of Commerce, National Bureau of Standards Washington, D. C},
  year={1977},
}

@inproceedings{rohmer2014interactive,
  title={Interactive near-field illumination for photorealistic augmented reality on mobile devices},
  author={Rohmer, Kai and Buschel, Wolfgang and Dachselt, Raimund and Grosch, Thorsten},
  booktitle={International Symposium on Mixed and Augmented Reality},
  series = {ISMAR},
  year={2014},
}

@article{sato1999acquiring,
  title={Acquiring a radiance distribution to superimpose virtual objects onto a real scene},
  author={Sato, Imari and Sato, Yoichi and Ikeuchi, Katsushi},
  journal={Visualization and Computer Graphics, IEEE Transactions on},
  volume={5},
  number={1},
  pages={1--12},
  year={1999},
}

@inproceedings{csongei2014global,
  title={Interactive near-field illumination for photorealistic augmented reality on mobile devices},
  author={Csongei, Michael and Hoang, Liem and Sandor, Christian},
  booktitle={Virtual Reality},
  series = {VR},
  year={2014},
}
@inproceedings{gruber2014efficient,
  title={Efficient and robust radiance transfer for probeless photorealistic augmented reality},
  author={Gruber, Lukas and Langlotz, Tobias and Sen, Pradeep and Hoherer, Tobias and Schmalstieg, Dieter},
  booktitle={Virtual Reality},
  series = {VR},
  year={2014},
}

@inproceedings{park2014calibrating,
  title={Calibrating a non-isotropic near point light source using a plane},
  author={Park, Jaesik and Sinha, Sudipta N and Matsushita, Yasuyuki and Tai, Yu-Wing and Kweon, In So},
  booktitle={Computer Vision and Pattern Recognition},
  series={CVPR},
  year={2014},
}

@article{schnieders2013camera,
  title={Camera and light calibration from reflections on a sphere},
  author={Schnieders, Dirk and Wong, Kwan-Yee K},
  journal={Computer Vision and Image Understanding},
  volume={117},
  number={10},
  pages={1536--1547},
  year={2013},
}

@incollection{wong2008recovering,
  title={Recovering light directions and camera poses from a single sphere},
  author={Wong, Kwan-Yee K and Schnieders, Dirk and Li, Shuda},
  booktitle={European Conference on Computer Vision},
  series = {ECCV},
  year={2008},
}

@inproceedings{meilland20133d,
  title={3D high dynamic range dense visual slam and its application to real-time object re-lighting},
  author={Meilland, Maxime and Barat, Christian and Comport, Andrew},
  booktitle={International Symposium on Mixed and Augmented Reality},
  series={ISMAR},
  year={2013},
}

@incollection{schnieders2010polygonal,
  title={Polygonal light source estimation},
  author={Schnieders, Dirk and Wong, Kwan-Yee K and Dai, Zhenwen},
  booktitle={Asian Conference on Computer Vision},
  series={ACCV},
  year={2010},
}

@inproceedings{cross1998quadric,
  title={Quadric reconstruction from dual-space geometry},
  author={Cross, Geoffrey and Zisserman, Andrew},
  booktitle={International Conference on Computer Vision},
  series={ICCV},
  year={1998},
}
@article{fitzgibbon1996buyer,
  title={A buyer's guide to conic fitting},
  author={Fitzgibbon, Andrew W and Fisher, Robert B and others},
  journal={DAI Research paper},
  year={1996},
}
@incollection{sturm2007conic,
  title={Conic fitting using the geometric distance},
  author={Sturm, Peter and Gargallo, Pau},
  booktitle={Asian Conference on Computer Vision},
  series = {ACCV},
  year={2007},
}
@Book{Hartley2004, 
    author = "Hartley, R.~I. and Zisserman, A.",
    title = "Multiple View Geometry in Computer Vision",
    edition = "Second",
    year = "2004",
    publisher = "Cambridge University Press, ISBN: 0521540518"
}

@article{hannay2004fibonacci,
  title={Fibonacci numerical integration on a sphere},
  author={Hannay, JH and Nye, JF},
  journal={Journal of Physics A: Mathematical and General},
  volume={37},
  number={48},
  pages={11591},
  year={2004},
}

@inproceedings{lindsay2014automatic,
  title={Automatic Multi-light White Balance Using Illumination Gradients and Color Space Projection},
  author={Lindsay, Clifford and Agu, Emmanuel},
  booktitle={International Symposium on Visual Computing},
  series={ISVC},
  year={2014},
}
@book{hughes2014computer,
  title={Computer graphics: principles and practice},
  author={Hughes, John F and Foley, James D},
  year={2014}
}


@article{karl1994reconstructing,
  title={Reconstructing ellipsoids from projections},
  author={Karl, William Clement and Verghese, George C and Willsky, Alan S},
  journal={Graphical Models and Image Processing},
  volume={56},
  number={2},
  pages={124--139},
  year={1994}
}

@book{faugeras1993three,
  title={Three-dimensional computer vision: a geometric viewpoint},
  author={Faugeras, Olivier},
  year={1993},
  publisher={MIT press}
}
@article{hartley1997defense,
  title={In defense of the eight-point algorithm},
  author={Hartley, Richard I},
  journal=IEEE_J_PAMI,
  volume={19},
  number={6},
  pages={580--593},
  year={1997},
  publisher={IEEE}
}

@article{nister2004efficient,
  title={An efficient solution to the five-point relative pose problem},
  author={Nist{\'e}r, David},
  journal=IEEE_J_PAMI,
  volume={26},
  number={6},
  pages={756--770},
  year={2004},
  publisher={IEEE}
}

@inproceedings{ma1994quadric,
  title={Quadric surface reconstruction from its occluding contours},
  author={Ma, SD and Chen, X},
  booktitle={International Conference on Pattern Recognition},
  series = {ICPR},
  year={1994}
}


@inproceedings{crocco2016structure,
  title={Structure from Motion with Objects},
  author={Crocco, Marco and Rubino, Cosimo and Del Bue, Alessio},
  booktitle={Computer Vision and Pattern Recognition},
  series = {CVPR},
  year={2016}
}

@inproceedings{kahl1198using,
  title={The quadric reference surface: Theory and applications},
  author={Kahl, F and Heyden, A},
  booktitle={International Conference on Computer Vision},
  series = {ICCV},
  year={1997}
}

@inproceedings{shashua1997the,
  title={The quadric reference surface: Theory and applications},
  author={Shashua, A and Toelg, S},
  booktitle={International Journal of Computer Vision},
  series = {IJCV},
  year={1997}
}

@inproceedings{ma1996ellipsoid,
  title={Ellipsoid reconstruction from three perspective views},
  author={Ma, SD and Li, Li},
  booktitle={International Conference on Pattern Recognition},
  series = {ICPR},
  year={1996}
}

@article{hughes2012calculating,
  title={Calculating ellipse overlap areas},
  author={Hughes, Gary B and Chraibi, Mohcine},
  journal={Computing and Visualization in Science},
  volume={15},
  number={5},
  pages={291--301},
  year={2012},
}



@article{henderson1979vec,
  title={Vec and vech operators for matrices, with some uses in Jacobians and multivariate statistics},
  author={Henderson, Harold V and Searle, SR},
  journal={Canadian Journal of Statistics},
  volume={7},
  number={1},
  pages={65--81},
  year={1979},
}

@inproceedings{immel1986radiosity,
  title={A radiosity method for non-diffuse environments},
  author={Immel, David S and Cohen, Michael F and Greenberg, Donald P},
  booktitle={Special Interest Group on Computer Graphics and Interactive Techniques}, 
  series = {SIGGRAPH},
  year={1986}
}

@inproceedings{hachisuka2008progressive,
  title={Progressive photon mapping},
  author={Hachisuka, Toshiya and Ogaki, Shinji and Jensen, Henrik Wann},
  booktitle={ACM Transactions on Graphics (TOG)},
  volume={27},
  number={5},
  pages={130},
  year={2008},
}
@inproceedings{jarosz2008beam,
  title={The beam radiance estimate for volumetric photon mapping},
  author={Jarosz, Wojciech and Zwicker, Matthias and Jensen, Henrik Wann},
  booktitle={Special Interest Group on Computer Graphics and Interactive Techniques},
  series = {SIGGRAPH},
  year={2008},
}

@article{mitsumoto19923,
  title={3-D reconstruction using mirror images based on a plane symmetry recovering method},
  author={Mitsumoto, Hiroshi and Tamura, Shinichi and Okazaki, Kozo and Kajimi, Naoki and Fukui, Yutaka},
  journal={Pattern Analysis and Machine Intelligence},
  volume={14},
  number={9},
  pages={941--946},
  year={1992}
}

@inproceedings{kuthirummal2007flexible,
  title={Flexible mirror imaging},
  author={Kuthirummal, Sujit and Nayar, Shree K},
  booktitle={International Conference on Computer Vision},
  series = {ICCV},
  year={2007}
}

@article{savarese2005local,
  title={Local shape from mirror reflections},
  author={Savarese, Silvio and Chen, Min and Perona, Pietro},
  journal={International Journal of Computer Vision},
  volume={64},
  number={1},
  pages={31--67},
  year={2005}
}

@inproceedings{zhang2016emptying,
  title={Emptying, Refurnishing, and Relighting Indoor Spaces},
  author={Zhang, Edward and Cohen, Michael F and Curless, Brian},
  booktitle={Special Interest Group on Computer Graphics and Interactive Techniques},
  series={SIGGRAPH Asia},
  year={2016}
}

@inproceedings{tan2013robust,
  title={Robust monocular SLAM in dynamic environments},
  author={Tan, Wei and Liu, Haomin and Dong, Zilong and Zhang, Guofeng and Bao, Hujun},
  booktitle={International Symposium on Mixed and Augmented Reality},
  series = {ISMAR},
  year={2013},
}

@article{phong1975illumination,
  title={Illumination for computer generated pictures},
  author={Phong, Bui Tuong},
  journal={Communications of the ACM},
  volume={18},
  number={6},
  pages={311--317},
  year={1975},
}

@inproceedings{silveira2007real,
  title={Real-time visual tracking under arbitrary illumination changes},
  author={Silveira, Geraldo and Malis, Ezio},
  booktitle={Computer Vision and Pattern Recognition},
  series = {CVPR},
  year={2007},
}

@article{lyon1993phong,
  title={Phong shading reformulation for hardware renderer simplification},
  author={Lyon, Richard F},
  journal={Apple Computer},
  year={1993}
}

@article{raynaud2007trace,
  title={Le trac{\'e} continu des sections coniques {\`a} la Renaissance: applications optico-perspectives, h{\'e}ritage de la tradition math{\'e}matique arabe},
  author={Raynaud, Dominique},
  journal={Arabic Sciences and Philosophy},
  volume={17},
  number={02},
  pages={299--345},
  year={2007},
}

@article{van1992seventeenth,
  title={Seventeenth century instruments for drawing conic sections},
  author={Van Maanen, Jan},
  journal={The Mathematical Gazette},
  pages={222--230},
  year={1992},
}

@book{hartley2003multiple,
  title={Multiple view geometry in computer vision},
  author={Hartley, Richard and Zisserman, Andrew},
  year={2003},
}

@inproceedings{ward1994radiance,
  title={The RADIANCE lighting simulation and rendering system},
  author={Ward, Gregory J},
  booktitle={Special Interest Group on Computer Graphics and Interactive Techniques},
  series={SIGGRAPH},
  year={1994},
}
@article{torrance1967theory,
  title={Theory for off-specular reflection from roughened surfaces},
  author={Torrance, Kenneth E and Sparrow, Ephraim M},
  journal={Journal of the Optical Society of America},
  volume={57},
  number={9},
  pages={1105--1114},
  year={1967}
}
@article{fischler1981random,
  title={Random sample consensus: a paradigm for model fitting with applications to image analysis and automated cartography},
  author={Fischler, Martin A and Bolles, Robert C},
  journal={Communications of the ACM},
  volume={24},
  number={6},
  pages={381--395},
  year={1981},
  publisher={ACM}
}

@article{cook1982reflectance,
  title={A reflectance model for computer graphics},
  author={Cook, Robert L and Torrance, Kenneth E.},
  journal={Transactions on Graphics},
  volume={1},
  number={1},
  pages={7--24},
  year={1982},
}


@article{fleming2004specular,
  title={Specular reflections and the perception of shape},
  author={Fleming, Roland W and Torralba, Antonio and Adelson, Edward H},
  journal={Journal of Vision},
  volume={4},
  number={9},
  pages={10},
  year={2004},
  publisher={Association for Research in Vision and Ophthalmology}
}


@inproceedings{savarese2004reflections,
  title={What do reflections tell us about the shape of a mirror?},
  author={Savarese, Silvio and Fei-Fei, Li and Perona, Pietro},
  booktitle={Proceedings of the 1st Symposium on Applied perception in graphics and visualization},
  pages={115--118},
  year={2004},
  organization={ACM}
}

@book{lambert1760photometria,
  title={Photometria},
  author={Lambert, Johann Heinrich},
  year={1760}
}

@inproceedings{einabadi2015discrete,
  title={Discrete light source estimation from light probes for photorealistic rendering},
  author={Einabadi, Farshad and Grau, Oliver},
  booktitle={British Machine Vision Conference},
  series = {BMVC},
  year={2015}
}